@Book{SICP,
author = {Harold Abelson and Gerald Jay Sussman with Julie Sussman},
editor = {The MIT Press},
title = {Structure and Interpretation of Computer Programs},
year = {1996},
edition = {2nd edition},
}
